@ARTICLE{mu69,
       author = {{Stern}, S.~A. and {Weaver}, H.~A. and {Spencer}, J.~R. and
         {Olkin}, C.~B. and {Gladstone}, G.~R. and {Grundy}, W.~M. and
         {Moore}, J.~M. and {Cruikshank}, D.~P. and {Elliott}, H.~A. and
         {McKinnon}, W.~B. and {Parker}, J. Wm. and {Verbiscer}, A.~J. and
         {Young}, L.~A. and {Aguilar}, D.~A. and {Albers}, J.~M. and
         {Andert}, T. and {Andrews}, J.~P. and {Bagenal}, F. and {Banks}, M.~E. and
         {Bauer}, B.~A. and {Bauman}, J.~A. and {Bechtold}, K.~E. and
         {Beddingfield}, C.~B. and {Behrooz}, N. and {Beisser}, K.~B. and
         {Benecchi}, S.~D. and {Bernardoni}, E. and {Beyer}, R.~A. and
         {Bhaskaran}, S. and {Bierson}, C.~J. and {Binzel}, R.~P. and
         {Birath}, E.~M. and {Bird}, M.~K. and {Boone}, D.~R. and
         {Bowman}, A.~F. and {Bray}, V.~J. and {Britt}, D.~T. and
         {Brown}, L.~E. and {Buckley}, M.~R. and {Buie}, M.~W. and
         {Buratti}, B.~J. and {Burke}, L.~M. and {Bushman}, S.~S. and
         {Carcich}, B. and {Chaikin}, A.~L. and {Chavez}, C.~L. and
         {Cheng}, A.~F. and {Colwell}, E.~J. and {Conard}, S.~J. and
         {Conner}, M.~P. and {Conrad}, C.~A. and {Cook}, J.~C. and
         {Cooper}, S.~B. and {Custodio}, O.~S. and {Dalle Ore}, C.~M. and
         {Deboy}, C.~C. and {Dharmavaram}, P. and {Dhingra}, R.~D. and
         {Dunn}, G.~F. and {Earle}, A.~M. and {Egan}, A.~F. and {Eisig}, J. and
         {El-Maarry}, M.~R. and {Engelbrecht}, C. and {Enke}, B.~L. and
         {Ercol}, C.~J. and {Fattig}, E.~D. and {Ferrell}, C.~L. and
         {Finley}, T.~J. and {Firer}, J. and {Fischetti}, J. and
         {Folkner}, W.~M. and {Fosbury}, M.~N. and {Fountain}, G.~H. and
         {Freeze}, J.~M. and {Gabasova}, L. and {Glaze}, L.~S. and
         {Green}, J.~L. and {Griffith}, G.~A. and {Guo}, Y. and {Hahn}, M. and
         {Hals}, D.~W. and {Hamilton}, D.~P. and {Hamilton}, S.~A. and
         {Hanley}, J.~J. and {Harch}, A. and {Harmon}, K.~A. and {Hart}, H.~M. and
         {Hayes}, J. and {Hersman}, C.~B. and {Hill}, M.~E. and {Hill}, T.~A. and
         {Hofgartner}, J.~D. and {Holdridge}, M.~E. and {Hor{\'a}nyi}, M. and
         {Hosadurga}, A. and {Howard}, A.~D. and {Howett}, C.~J.~A. and
         {Jaskulek}, S.~E. and {Jennings}, D.~E. and {Jensen}, J.~R. and
         {Jones}, M.~R. and {Kang}, H.~K. and {Katz}, D.~J. and
         {Kaufmann}, D.~E. and {Kavelaars}, J.~J. and {Keane}, J.~T. and
         {Keleher}, G.~P. and {Kinczyk}, M. and {Kochte}, M.~C. and
         {Kollmann}, P. and {Krimigis}, S.~M. and {Kruizinga}, G.~L. and
         {Kusnierkiewicz}, D.~Y. and {Lahr}, M.~S. and {Lauer}, T.~R. and
         {Lawrence}, G.~B. and {Lee}, J.~E. and {Lessac-Chenen}, E.~J. and
         {Linscott}, I.~R. and {Lisse}, C.~M. and {Lunsford}, A.~W. and
         {Mages}, D.~M. and {Mallder}, V.~A. and {Martin}, N.~P. and
         {May}, B.~H. and {McComas}, D.~J. and {McNutt}, R.~L. and
         {Mehoke}, D.~S. and {Mehoke}, T.~S. and {Nelson}, D.~S. and
         {Nguyen}, H.~D. and {N{\'u}{\~n}ez}, J.~I. and {Ocampo}, A.~C. and
         {Owen}, W.~M. and {Oxton}, G.~K. and {Parker}, A.~H. and
         {P{\"a}tzold}, M. and {Pelgrift}, J.~Y. and {Pelletier}, F.~J. and
         {Pineau}, J.~P. and {Piquette}, M.~R. and {Porter}, S.~B. and
         {Protopapa}, S. and {Quirico}, E. and {Redfern}, J.~A. and
         {Regiec}, A.~L. and {Reitsema}, H.~J. and {Reuter}, D.~C. and
         {Richardson}, D.~C. and {Riedel}, J.~E. and {Ritterbush}, M.~A. and
         {Robbins}, S.~J. and {Rodgers}, D.~J. and {Rogers}, G.~D. and
         {Rose}, D.~M. and {Rosendall}, P.~E. and {Runyon}, K.~D. and
         {Ryschkewitsch}, M.~G. and {Saina}, M.~M. and {Salinas}, M.~J. and
         {Schenk}, P.~M. and {Scherrer}, J.~R. and {Schlei}, W.~R. and
         {Schmitt}, B. and {Schultz}, D.~J. and {Schurr}, D.~C. and
         {Scipioni}, F. and {Sepan}, R.~L. and {Shelton}, R.~G. and
         {Showalter}, M.~R. and {Simon}, M. and {Singer}, K.~N. and
         {Stahlheber}, E.~W. and {Stanbridge}, D.~R. and {Stansberry}, J.~A. and
         {Steffl}, A.~J. and {Strobel}, D.~F. and {Stothoff}, M.~M. and
         {Stryk}, T. and {Stuart}, J.~R. and {Summers}, M.~E. and
         {Tapley}, M.~B. and {Taylor}, A. and {Taylor}, H.~W. and
         {Tedford}, R.~M. and {Throop}, H.~B. and {Turner}, L.~S. and
         {Umurhan}, O.~M. and {Van Eck}, J. and {Velez}, D. and
         {Versteeg}, M.~H. and {Vincent}, M.~A. and {Webbert}, R.~W. and
         {Weidner}, S.~E. and {Weigle}, G.~E. and {Wendel}, J.~R. and
         {White}, O.~L. and {Whittenburg}, K.~E. and {Williams}, B.~G. and
         {Williams}, K.~E. and {Williams}, S.~P. and {Winters}, H.~L. and
         {Zangari}, A.~M. and {Zurbuchen}, T.~H.},
        title = "{Initial results from the New Horizons exploration of 2014 MU$_{69}$, a small Kuiper Belt object}",
      journal = {Science},
     keywords = {PLANET SCI; ONLINE, Astrophysics - Earth and Planetary Astrophysics},
         year = 2019,
        month = may,
       volume = {364},
       number = {6441},
          eid = {aaw9771},
        pages = {aaw9771},
          doi = {10.1126/science.aaw9771},
archivePrefix = {arXiv},
       eprint = {2004.01017},
 primaryClass = {astro-ph.EP},
       adsurl = {https://ui.adsabs.harvard.edu/abs/2019Sci...364.9771S},
      adsnote = {Provided by the SAO/NASA Astrophysics Data System}
}

